% This file was created with JabRef 2.9.2.
% Encoding: MacRoman

@ARTICLE{jackstraw,
  author = {Chung, N. C. and Storey, J. D.},
  title = {Statistical significance of variables driving systematic variation
	in high-dimensional data},
  journal = {Bioinformatics},
  year = {2015},
  volume = {31},
  pages = {545-554},
  number = {4},
  owner = {chchung}
}

@ARTICLE{lfa,
  author = {Hao, W. and Song, M. and Storey, J. D.},
  title = {Probabilistic models of genetic variation in structured populations
	applied to global human studies},
  journal = {Bioinformatics},
  year = {2015},
  volume = {Advance Access},
  pages = {10.1093/bioinformatics/btv641},
  doi = {10.1093/bioinformatics/btv641},
  timestamp = {2015.12.27},
  url = {http://bioinformatics.oxfordjournals.org/content/early/2015/12/12/bioinformatics.btv641}
}

